%YAML 1.1
%TAG !u! tag:unity3d.com,2011:
--- !u!1001 &100100000
Prefab:
  m_ObjectHideFlags: 1
  serializedVersion: 2
  m_Modification:
    m_TransformParent: {fileID: 0}
    m_Modifications: []
    m_RemovedComponents: []
  m_ParentPrefab: {fileID: 0}
  m_RootGameObject: {fileID: 1760360831824530}
  m_IsPrefabParent: 1
--- !u!1 &1760360831824530
GameObject:
  m_ObjectHideFlags: 0
  m_PrefabParentObject: {fileID: 0}
  m_PrefabInternal: {fileID: 100100000}
  serializedVersion: 5
  m_Component:
  - component: {fileID: 4191271726615382}
  - component: {fileID: 114090510261481618}
  - component: {fileID: 114671128274270330}
  - component: {fileID: 114542872120034992}
  - component: {fileID: 114913822207887858}
  - component: {fileID: 114395165173319156}
  - component: {fileID: 114823673765802098}
  m_Layer: 0
  m_Name: GameManager
  m_TagString: Untagged
  m_Icon: {fileID: 0}
  m_NavMeshLayer: 0
  m_StaticEditorFlags: 0
  m_IsActive: 1
--- !u!4 &4191271726615382
Transform:
  m_ObjectHideFlags: 1
  m_PrefabParentObject: {fileID: 0}
  m_PrefabInternal: {fileID: 100100000}
  m_GameObject: {fileID: 1760360831824530}
  m_LocalRotation: {x: 0, y: 0, z: 0, w: 1}
  m_LocalPosition: {x: -127.46832, y: 317.79562, z: -8}
  m_LocalScale: {x: 1, y: 1, z: 1}
  m_Children: []
  m_Father: {fileID: 0}
  m_RootOrder: 0
  m_LocalEulerAnglesHint: {x: 0, y: 0, z: 0}
--- !u!114 &114090510261481618
MonoBehaviour:
  m_ObjectHideFlags: 1
  m_PrefabParentObject: {fileID: 0}
  m_PrefabInternal: {fileID: 100100000}
  m_GameObject: {fileID: 1760360831824530}
  m_Enabled: 1
  m_EditorHideFlags: 0
  m_Script: {fileID: 11500000, guid: 4f92c483ac96db44b82b13404beaf872, type: 3}
  m_Name: 
  m_EditorClassIdentifier: 
  isPersistent: 0
--- !u!114 &114395165173319156
MonoBehaviour:
  m_ObjectHideFlags: 1
  m_PrefabParentObject: {fileID: 0}
  m_PrefabInternal: {fileID: 100100000}
  m_GameObject: {fileID: 1760360831824530}
  m_Enabled: 1
  m_EditorHideFlags: 0
  m_Script: {fileID: 11500000, guid: 4eeacfacf63dbc848890929b3d3db86e, type: 3}
  m_Name: 
  m_EditorClassIdentifier: 
  isPersistent: 0
  CurrentGameStatus: 0
  CurrentExecutingCard: {fileID: 0}
--- !u!114 &114542872120034992
MonoBehaviour:
  m_ObjectHideFlags: 1
  m_PrefabParentObject: {fileID: 0}
  m_PrefabInternal: {fileID: 100100000}
  m_GameObject: {fileID: 1760360831824530}
  m_Enabled: 1
  m_EditorHideFlags: 0
  m_Script: {fileID: 11500000, guid: 9a4209f364f27d048aa9fc7cfd0ef12f, type: 3}
  m_Name: 
  m_EditorClassIdentifier: 
  isPersistent: 0
  WorldDeckCheckpoints:
  - Attribute: 1
    Difficulty: 1
    Cards:
    - {fileID: 11400000, guid: be2116cf35a548c4ca1695496de63c33, type: 2}
    - {fileID: 11400000, guid: 09f0be972613de943be2ba713058ed56, type: 2}
    - {fileID: 11400000, guid: 931e5aa94492ee74389081bdeea4255a, type: 2}
    - {fileID: 11400000, guid: 3843eb7def620e948be6df621e09ca3f, type: 2}
    - {fileID: 11400000, guid: 934f0eaddbc70254685578191a8a95cf, type: 2}
    - {fileID: 11400000, guid: a0c654e993e9ea54e933092b6f78fdce, type: 2}
    - {fileID: 11400000, guid: bb0083046042ebe40b810df48cd1ff5d, type: 2}
  - Attribute: 1
    Difficulty: 2
    Cards:
    - {fileID: 11400000, guid: be2116cf35a548c4ca1695496de63c33, type: 2}
    - {fileID: 11400000, guid: ebe62d39db155714683a2e11df1af1be, type: 2}
    - {fileID: 11400000, guid: 86bc1cfd0abe486439415fce883c48a1, type: 2}
    - {fileID: 11400000, guid: 934f0eaddbc70254685578191a8a95cf, type: 2}
    - {fileID: 11400000, guid: d1a1fecc95b74694ba5e59351e4f698b, type: 2}
  - Attribute: 1
    Difficulty: 3
    Cards:
    - {fileID: 11400000, guid: 3843eb7def620e948be6df621e09ca3f, type: 2}
    - {fileID: 11400000, guid: ea16d4fb121f76846beb16a4801f3bd6, type: 2}
    - {fileID: 11400000, guid: ea16d4fb121f76846beb16a4801f3bd6, type: 2}
  - Attribute: 2
    Difficulty: 1
    Cards:
    - {fileID: 11400000, guid: 09f0be972613de943be2ba713058ed56, type: 2}
    - {fileID: 11400000, guid: be2116cf35a548c4ca1695496de63c33, type: 2}
    - {fileID: 11400000, guid: 931e5aa94492ee74389081bdeea4255a, type: 2}
    - {fileID: 11400000, guid: 287293230e2202a43b0bd379e4c2d396, type: 2}
    - {fileID: 11400000, guid: 1477a14de22b8004cab51f4e2a2f6aa0, type: 2}
    - {fileID: 11400000, guid: 1477a14de22b8004cab51f4e2a2f6aa0, type: 2}
    - {fileID: 11400000, guid: b5f51071a5728054dad6a0fa48a165c2, type: 2}
  - Attribute: 2
    Difficulty: 2
    Cards:
    - {fileID: 11400000, guid: 931e5aa94492ee74389081bdeea4255a, type: 2}
    - {fileID: 11400000, guid: 4642c15c68645ae49bb580d6fd31fc3d, type: 2}
    - {fileID: 11400000, guid: 86bc1cfd0abe486439415fce883c48a1, type: 2}
    - {fileID: 11400000, guid: 307828eaa8b35c0479c04329b4d4fe20, type: 2}
    - {fileID: 11400000, guid: eebb1691253cd1a4485996658ba5f8cf, type: 2}
  - Attribute: 2
    Difficulty: 3
    Cards:
    - {fileID: 11400000, guid: 4642c15c68645ae49bb580d6fd31fc3d, type: 2}
    - {fileID: 11400000, guid: 86bc1cfd0abe486439415fce883c48a1, type: 2}
    - {fileID: 11400000, guid: 86bc1cfd0abe486439415fce883c48a1, type: 2}
    - {fileID: 11400000, guid: 934f0eaddbc70254685578191a8a95cf, type: 2}
  - Attribute: 3
    Difficulty: 2
    Cards:
    - {fileID: 11400000, guid: d36d0f66e040c484d91e06b626c39575, type: 2}
    - {fileID: 11400000, guid: 770d0d0c61d865048b5e7285014558b0, type: 2}
    - {fileID: 11400000, guid: 5775e75c752405949b049a5ec5710540, type: 2}
    - {fileID: 11400000, guid: 41c473b52e89b9e49987a81fc5ce37ca, type: 2}
  - Attribute: 3
    Difficulty: 1
    Cards:
    - {fileID: 11400000, guid: 479779fddfe6f6348a06bfe393689459, type: 2}
    - {fileID: 11400000, guid: be2116cf35a548c4ca1695496de63c33, type: 2}
    - {fileID: 11400000, guid: 931e5aa94492ee74389081bdeea4255a, type: 2}
    - {fileID: 11400000, guid: 5775e75c752405949b049a5ec5710540, type: 2}
    - {fileID: 11400000, guid: 41c473b52e89b9e49987a81fc5ce37ca, type: 2}
    - {fileID: 11400000, guid: 53adaa09142510b4ab98a5ca27553810, type: 2}
    - {fileID: 11400000, guid: 479779fddfe6f6348a06bfe393689459, type: 2}
  - Attribute: 3
    Difficulty: 3
    Cards:
    - {fileID: 11400000, guid: 934f0eaddbc70254685578191a8a95cf, type: 2}
    - {fileID: 11400000, guid: 770d0d0c61d865048b5e7285014558b0, type: 2}
    - {fileID: 11400000, guid: 41c473b52e89b9e49987a81fc5ce37ca, type: 2}
  - Attribute: 3
    Difficulty: 4
    Cards:
    - {fileID: 11400000, guid: 934f0eaddbc70254685578191a8a95cf, type: 2}
    - {fileID: 11400000, guid: 09f0be972613de943be2ba713058ed56, type: 2}
  - Attribute: 1
    Difficulty: 4
    Cards:
    - {fileID: 11400000, guid: 934f0eaddbc70254685578191a8a95cf, type: 2}
    - {fileID: 11400000, guid: be2116cf35a548c4ca1695496de63c33, type: 2}
  - Attribute: 2
    Difficulty: 4
    Cards:
    - {fileID: 11400000, guid: 934f0eaddbc70254685578191a8a95cf, type: 2}
    - {fileID: 11400000, guid: 931e5aa94492ee74389081bdeea4255a, type: 2}
  WorldDeck: []
  PlayerDeck: []
--- !u!114 &114671128274270330
MonoBehaviour:
  m_ObjectHideFlags: 1
  m_PrefabParentObject: {fileID: 0}
  m_PrefabInternal: {fileID: 100100000}
  m_GameObject: {fileID: 1760360831824530}
  m_Enabled: 1
  m_EditorHideFlags: 0
  m_Script: {fileID: 11500000, guid: c99b5146edd8d034298abd6df0908b74, type: 3}
  m_Name: 
  m_EditorClassIdentifier: 
  isPersistent: 0
  AttributeList:
  - Type: 1
    Icon: {fileID: 0}
    XpCount: 0
    Level: 0
    Value: 0
  - Type: 2
    Icon: {fileID: 0}
    XpCount: 0
    Level: 0
    Value: 0
  - Type: 3
    Icon: {fileID: 0}
    XpCount: 0
    Level: 0
    Value: 0
  XPForNextLevel: 0
  PlayerLevel: 0
  DifficultyFactor: 1
  DifficultyModifier: 0
  IsLevelingUp: 0
--- !u!114 &114823673765802098
MonoBehaviour:
  m_ObjectHideFlags: 1
  m_PrefabParentObject: {fileID: 0}
  m_PrefabInternal: {fileID: 100100000}
  m_GameObject: {fileID: 1760360831824530}
  m_Enabled: 1
  m_EditorHideFlags: 0
  m_Script: {fileID: 11500000, guid: a35d9da3d5dd58848b0855a6c2e2bfca, type: 3}
  m_Name: 
  m_EditorClassIdentifier: 
  isPersistent: 0
--- !u!114 &114913822207887858
MonoBehaviour:
  m_ObjectHideFlags: 1
  m_PrefabParentObject: {fileID: 0}
  m_PrefabInternal: {fileID: 100100000}
  m_GameObject: {fileID: 1760360831824530}
  m_Enabled: 1
  m_EditorHideFlags: 0
  m_Script: {fileID: 11500000, guid: 7309ce8f6aabc3f43b5e29945df24f64, type: 3}
  m_Name: 
  m_EditorClassIdentifier: 
  isPersistent: 0
  cardsList:
  - {fileID: 11400000, guid: 931e5aa94492ee74389081bdeea4255a, type: 2}
  - {fileID: 11400000, guid: 931e5aa94492ee74389081bdeea4255a, type: 2}
  - {fileID: 11400000, guid: 09f0be972613de943be2ba713058ed56, type: 2}
  - {fileID: 11400000, guid: 09f0be972613de943be2ba713058ed56, type: 2}
  - {fileID: 11400000, guid: be2116cf35a548c4ca1695496de63c33, type: 2}
  - {fileID: 11400000, guid: be2116cf35a548c4ca1695496de63c33, type: 2}
  - {fileID: 11400000, guid: d36d0f66e040c484d91e06b626c39575, type: 2}
  - {fileID: 11400000, guid: 1bcac5d7d22cd634b8155f0a4355554b, type: 2}
  - {fileID: 11400000, guid: 4642c15c68645ae49bb580d6fd31fc3d, type: 2}
  - {fileID: 11400000, guid: 53adaa09142510b4ab98a5ca27553810, type: 2}
  - {fileID: 11400000, guid: 53adaa09142510b4ab98a5ca27553810, type: 2}
  - {fileID: 11400000, guid: cf7542e418073c740a43291b2d650f7c, type: 2}
  - {fileID: 11400000, guid: 45f7f149abc7c8447843def36230be59, type: 2}
  - {fileID: 11400000, guid: f62f2cff0bb9be04599cb5d7abb5a631, type: 2}
  - {fileID: 11400000, guid: 6e24a889c961f134b98c8db4f8a4333a, type: 2}
  - {fileID: 11400000, guid: 1d5d46d22e3d9324282d2d97fc650373, type: 2}
  - {fileID: 11400000, guid: 7266b8d8fab81394793d59a8a750b836, type: 2}
